<?xml version="1.0" encoding="UTF-8"?><collection xmlns="http://www.loc.gov/MARC21/slim"><record><leader>00515nam--2200181-i-4500</leader><controlfield tag="001">000019284</controlfield><controlfield tag="002">20161230</controlfield><controlfield tag="005">20161230201033</controlfield><controlfield tag="008">060222s1000------------r-----000-0-eng-d</controlfield><datafield ind1=" " ind2=" " tag="040"><subfield code="a">IFIN-HH</subfield></datafield><datafield ind1=" " ind2=" " tag="080"><subfield code="a">519.4</subfield></datafield><datafield ind1="1" ind2=" " tag="100"><subfield code="a">Ferraro, John R</subfield></datafield><datafield ind1="1" ind2="0" tag="245"><subfield code="a">Introductory group theory, and its application to molecular structure</subfield><subfield code="c">John r. ferraro, joseph s. ziomek</subfield></datafield><datafield ind1=" " ind2=" " tag="260"><subfield code="a">New York</subfield><subfield code="b">Plenum Press</subfield><subfield code="c">1969</subfield></datafield><datafield ind1=" " ind2=" " tag="300"><subfield code="a">XIII + 240 P</subfield></datafield><datafield ind1="1" ind2=" " tag="700"><subfield code="a">Ziomek, Joseph S</subfield></datafield><datafield ind1=" " ind2=" " tag="852"><subfield code="c">35565</subfield></datafield><datafield ind1=" " ind2=" " tag="CAT"><subfield code="a">Sys</subfield><subfield code="c">20130812</subfield><subfield code="h">163900</subfield></datafield></record></collection>